@book{gudhi
	, title        = "{GUDHI} User and Reference Manual"
	, author      = "{The GUDHI Project}"
	, publisher     = "{GUDHI Editorial Board}"
	, edition =     "{3.5.0}"
	, year         = 2022
	, url =    "https://gudhi.inria.fr/doc/3.5.0/"
}

@article{tata2021anomalies,
	author = "Tata, Srivatsa and Kobayashi, Ryohei and Bulmash, Daniel and Barkeshli, Maissam",
	title = "{Anomalies in (2+1)D fermionic topological phases and (3+1)D path integral state sums for fermionic SPTs}",
	eprint = "2104.14567",
	archivePrefix = "arXiv",
	primaryClass = "cond-mat.str-el",
	year = "2021"
}

@article{tata2021cubical,
	author = "Chen, Yu-An and Tata, Sri",
	title = "{Higher cup products on hypercubic lattices: application to lattice models of topological phases}",
	eprint = "2106.05274",
	archivePrefix = "arXiv",
	primaryClass = "cond-mat.str-el",
	month = "6",
	year = "2021"
}